@report{Decaf,
    author = "Mike Hamburg",
    title = "Decaf: Eliminating cofactors through point compression",
    year = 2015,
    keywords = "elliptic"
}

@book{Crypto,
    author = "J. Hoffstein, J. Pipher, J. H. Silverman",
    title = "An introduction to mathematical cryptography",
    year = 2016,
    isbn = "9781493939381",
    publisher = "Springer, New York, NY",
    doi = "https://doi.org/10.1007/978-0-387-77993-5",
    edition = "1",
    keywords = "bulletproof"
}

@book{Elliptic-Crypto,
    author = "D. Hankerson, A. Memezes, S. Vanstone",
    title = "Guide to Elliptic Curve Cryptography",
    year = 2010,
    isbn = "9781441929297",
    publisher = "Springer Science \& Business Media",
    keywords = "bulletproof,elliptic" 
}

@inproceedings{Hacspec,
  title={hacspec: Towards verifiable crypto standards},
  author={Bhargavan, Karthikeyan and Kiefer, Franziskus and Strub, Pierre-Yves},
  booktitle={International Conference on Research in Security Standardisation},
  pages={1--20},
  year={2018},
  organization={Springer}
}

@inproceedings{Bulletproofs,
  title={Bulletproofs: Short proofs for confidential transactions and more},
  author={B{\"u}nz, Benedikt and Bootle, Jonathan and Boneh, Dan and Poelstra, Andrew and Wuille, Pieter and Maxwell, Greg},
  booktitle={2018 IEEE Symposium on Security and Privacy (SP)},
  pages={315--334},
  year={2018},
  organization={IEEE}
}


@book{Pedersen-Commits,
  title={Advances in Cryptology—CRYPTO’91: Proceedings},
  author={Feigenbaum, Joan},
  volume={576},
  year={2003},
  publisher={Springer}
}
